% This file was created with JabRef 2.9.2.
% Encoding: Cp1252

@article{polman2020decision,
  title={Decision making for others involving risk: A review and meta-analysis},
  author={Polman, Evan and Wu, Kaiyang},
  journal={Journal of Economic Psychology},
  volume={77},
  pages={102184},
  year={2020},
  publisher={Elsevier}
}

@article{van2020bracelets,
  title={Bracelets of pride and guilt? An experimental test of self-signaling},
  author={van der Weele, Jo{\"e}l J and von Siemens, Ferdinand A},
  journal={Journal of Economic Behavior \& Organization},
  volume={172},
  pages={280--291},
  year={2020},
  publisher={Elsevier}
}

@article{simmons2011false,
  title={False-positive psychology: Undisclosed flexibility in data collection and analysis allows presenting anything as significant},
  author={Simmons, Joseph P and Nelson, Leif D and Simonsohn, Uri},
  journal={Psychological science},
  volume={22},
  number={11},
  pages={1359--1366},
  year={2011},
  publisher={Sage Publications Sage CA: Los Angeles, CA}
}

@article{tappin2018doing,
  title={Doing good vs. avoiding bad in prosocial choice: A refined test and extension of the morality preference hypothesis},
  author={Tappin, Ben M and Capraro, Valerio},
  journal={Journal of Experimental Social Psychology},
  volume={79},
  pages={64--70},
  year={2018},
  publisher={Elsevier}
}

@article{capraro2019increasing,
  title={Increasing altruistic and cooperative behaviour with simple moral nudges},
  author={Capraro, Valerio and Jagfeld, Glorianna and Klein, Rana and Mul, Mathijs and Van De Pol, Iris},
  journal={Scientific reports},
  volume={9},
  number={1},
  pages={1--11},
  year={2019},
  publisher={Nature Publishing Group}
}

@article{capraro2018right,
  title={Do the right thing: Experimental evidence that preferences for moral behavior, rather than equity or efficiency per se, drive human prosociality},
  author={Capraro, Valerio and Rand, David G},
  journal={Forthcoming in Judgment and Decision Making},
  year={2018}
}

@article{bicchieri2010behaving,
  title={Behaving as expected: Public information and fairness norms},
  author={Bicchieri, Cristina and Chavez, Alex},
  journal={Journal of Behavioral Decision Making},
  volume={23},
  number={2},
  pages={161--178},
  year={2010},
  publisher={Wiley Online Library}
}

@article{kimbrough2016norms,
  title={Norms make preferences social},
  author={Kimbrough, Erik O and Vostroknutov, Alexander},
  journal={Journal of the European Economic Association},
  volume={14},
  number={3},
  pages={608--638},
  year={2016},
  publisher={Oxford University Press}
}

@article{krupka2013identifying,
  title={Identifying social norms using coordination games: Why does dictator game sharing vary?},
  author={Krupka, Erin L and Weber, Roberto A},
  journal={Journal of the European Economic Association},
  volume={11},
  number={3},
  pages={495--524},
  year={2013},
  publisher={Oxford University Press}
}

@article{kurzban2007audience,
  title={Audience effects on moralistic punishment},
  author={Kurzban, Robert and DeScioli, Peter and O'Brien, Erin},
  journal={Evolution and Human behavior},
  volume={28},
  number={2},
  pages={75--84},
  year={2007},
  publisher={Elsevier}
}

@article{fromell2020altruism,
  title={Altruism, fast and slow? Evidence from a meta-analysis and a new experiment},
  author={Fromell, Hanna and Nosenzo, Daniele and Owens, Trudy},
  journal={Experimental Economics},
  volume={23},
  number={4},
  pages={979--1001},
  year={2020},
  publisher={Springer}
}

@article{rand2016cooperation,
  title={Cooperation, fast and slow: Meta-analytic evidence for a theory of social heuristics and self-interested deliberation},
  author={Rand, David G},
  journal={Psychological science},
  volume={27},
  number={9},
  pages={1192--1206},
  year={2016},
  publisher={Sage Publications Sage CA: Los Angeles, CA}
}

@article{capraro2021mathematical,
  title={Mathematical foundations of moral preferences},
  author={Capraro, Valerio and Perc, Matja{\v{z}}},
  journal={Journal of the Royal Society Interface},
  volume={18},
  number={175},
  pages={20200880},
  year={2021},
  publisher={The Royal Society}
}

@article{garcia2020hot,
  title={Hot versus cold behavior in centipede games},
  author={Garc{\'\i}a-Pola, Bernardo and Iriberri, Nagore and Kov{\'a}{\v{r}}{\'\i}k, Jarom{\'\i}r},
  journal={Journal of the Economic Science Association},
  volume={6},
  number={2},
  pages={226--238},
  year={2020},
  publisher={Springer}
}

@article{brandts2011strategy,
  title={The strategy versus the direct-response method: a first survey of experimental comparisons},
  author={Brandts, Jordi and Charness, Gary},
  journal={Experimental Economics},
  volume={14},
  number={3},
  pages={375--398},
  year={2011},
  publisher={Springer}
}

@article{casari2009strategy,
  title={The strategy method lowers measured trustworthy behavior},
  author={Casari, Marco and Cason, Timothy N},
  journal={Economics Letters},
  volume={103},
  number={3},
  pages={157--159},
  year={2009},
  publisher={Elsevier}
}

@article{henrich2010most,
  title={Most people are not WEIRD},
  author={Henrich, Joseph and Heine, Steven J and Norenzayan, Ara},
  journal={Nature},
  volume={466},
  number={7302},
  pages={29--29},
  year={2010},
  publisher={Nature Publishing Group}
}

@article{pelligra2011empathy,
  title={Empathy, guilt-aversion, and patterns of reciprocity.},
  author={Pelligra, Vittorio},
  journal={Journal of Neuroscience, Psychology, and Economics},
  volume={4},
  number={3},
  pages={161},
  year={2011},
  publisher={Educational Publishing Foundation}
}

@article{gino2016motivated,
  title={Motivated Bayesians: Feeling moral while acting egoistically},
  author={Gino, Francesca and Norton, Michael I and Weber, Roberto A},
  journal={Journal of Economic Perspectives},
  volume={30},
  number={3},
  pages={189--212},
  year={2016}
}

@article{benabou2016mindful,
  title={Mindful economics: The production, consumption, and value of beliefs},
  author={B{\'e}nabou, Roland and Tirole, Jean},
  journal={Journal of Economic Perspectives},
  volume={30},
  number={3},
  pages={141--64},
  year={2016}
}

@article{garcia2020ambiguity,
  title={Ambiguity and excuse-driven behavior in charitable giving},
  author={Garcia, Thomas and Massoni, S{\'e}bastien and Villeval, Marie Claire},
  journal={European Economic Review},
  pages={103412},
  year={2020},
  publisher={Elsevier}
}

@article{engel2018if,
	title={If the worst comes to the worst: Dictator giving when recipient’s endowments are risky},
	author={Engel, Christoph and Goerg, Sebastian J},
	journal={European Economic Review},
	volume={105},
	pages={51--70},
	year={2018},
	publisher={Elsevier}
}

@article{di2015conveniently,
	title={Conveniently upset: Avoiding altruism by distorting beliefs about others' altruism},
	author={Di Tella, Rafael and Perez-Truglia, Ricardo and Babino, Andres and Sigman, Mariano},
	journal={American Economic Review},
	volume={105},
	number={11},
	pages={3416--42},
	year={2015}
}

@article{tangney1995recent,
	title={Recent advances in the empirical study of shame and guilt},
	author={Tangney, June Price},
	journal={American Behavioral Scientist},
	volume={38},
	number={8},
	pages={1132--1145},
	year={1995},
	publisher={Sage Publications Thousand Oaks}
}

@article{bellemare2011measuring,
	title={Measuring the willingness to pay to avoid guilt: estimation using equilibrium and stated belief models},
	author={Bellemare, Charles and Sebald, Alexander and Strobel, Martin},
	journal={Journal of Applied Econometrics},
	volume={26},
	number={3},
	pages={437--453},
	year={2011},
	publisher={Wiley Online Library}
}

@article{vanberg2008people,
	title={Why Do People Keep Their Promises? An Experimental Test of Two Explanations 1},
	author={Vanberg, Christoph},
	journal={Econometrica},
	volume={76},
	number={6},
	pages={1467--1480},
	year={2008},
	publisher={Wiley Online Library}
}

@article{kawagoe2014guilt,
	title={Guilt aversion revisited: An experimental test of a new model},
	author={Kawagoe, Toshiji and Narita, Yusuke},
	journal={Journal of Economic Behavior \& Organization},
	volume={102},
	pages={1--9},
	year={2014},
	publisher={Elsevier}
}

@article{ellingsen2010testing,
	title={Testing guilt aversion},
	author={Ellingsen, Tore and Johannesson, Magnus and Tj{\o}tta, Sigve and Torsvik, Gaute},
	journal={Games and Economic Behavior},
	volume={68},
	number={1},
	pages={95--107},
	year={2010},
	publisher={Elsevier}
}

@article{costa2014beliefs,
	title={Beliefs and actions in the trust game: Creating instrumental variables to estimate the causal effect},
	author={Costa-Gomes, Miguel A and Huck, Steffen and Weizs{\"a}cker, Georg},
	journal={Games and Economic Behavior},
	volume={88},
	pages={298--309},
	year={2014},
	publisher={Elsevier}
}

@article{ederer2017promises,
	title={Promises and expectations},
	author={Ederer, Florian and Stremitzer, Alexander},
	journal={Games and Economic Behavior},
	volume={106},
	pages={161--178},
	year={2017},
	publisher={Elsevier}
}

@article{Bursztyn2017,
	author = {Bursztyn, Leonardo and Jensen, Robert},
	year = {2017},
	title = {Social Image and Economic Behavior in the Field: Identifying, Understanding, and Shaping Social Pressure},
	keywords = {image;norms;Social interactions;Social pressure},
	pages = {131--153},
	volume = {9},
	number = {1},
	issn = {1941-1383},
	journal = {Annual Review of Economics},
	doi = {10.1146/annurev-economics-063016-103625}
}


@article{Henry2019,
	author = {Henry, Emeric and Sonntag, Jan},
	year = {2019},
	title = {Measuring image concern},
	keywords = {Image concern; Experimental measurement; Repeated prisoner’s dilemma},
	pages = {19-39},
	volume = {160},
	journal = {Journal of Economic Behavior \& Organization}
}

@article{cartwright2018survey,
  title={A survey of belief-based guilt aversion in trust and dictator games},
  author={Cartwright, Edward},
  journal={Journal of Economic Behavior \& Organization},
  volume={167},
  pages={430--444},
  year={2019},
  publisher={Elsevier}
}

@article{samek2014recognizing,
	title={Recognizing contributors: an experiment on public goods},
	author={Samek, Anya Savikhin and Sheremeta, Roman M},
	journal={Experimental Economics},
	volume={17},
	number={4},
	pages={673--690},
	year={2014},
	publisher={Springer}
}

@article{tadelis2011power,
	title={The power of shame and the rationality of trust},
	author={Tadelis, Steven},
	journal={Haas School of Business working paper},
	year={2011}
}

@article{lopez2010guilt,
	title={Guilt and shame: An axiomatic analysis},
	author={L{\'o}pez-P{\'e}rez, Ra{\'u}l},
	journal={Theory and Decision},
	volume={69},
	number={4},
	pages={569--586},
	year={2010},
	publisher={Springer}
}

@article{ong2011fishy,
	title={Fishy Gifts: Bribing with Shame and Guilt},
	author={Ong, David},
	year={2011}
}

@article{andreoni2002giving,
	title={Giving according to GARP: An experimental test of the consistency of preferences for altruism},
	author={Andreoni, James and Miller, John},
	journal={Econometrica},
	volume={70},
	number={2},
	pages={737--753},
	year={2002},
	publisher={Wiley Online Library}
}

@article{baron1986moderator,
  title={The moderator--mediator variable distinction in social psychological research: Conceptual, strategic, and statistical considerations.},
  author={Baron, Reuben M and Kenny, David A},
  journal={Journal of personality and social psychology},
  volume={51},
  number={6},
  pages={1173},
  year={1986},
  publisher={American Psychological Association}
}

@article{armantier2013eliciting,
  title={Eliciting beliefs: Proper scoring rules, incentives, stakes and hedging},
  author={Armantier, Olivier and Treich, Nicolas},
  journal={European Economic Review},
  volume={62},
  pages={17--40},
  year={2013},
  publisher={Elsevier}
}

@article{schotter2014belief,
  title={Belief elicitation in the laboratory},
  author={Schotter, Andrew and Trevino, Isabel},
  journal={Annu. Rev. Econ.},
  volume={6},
  number={1},
  pages={103--128},
  year={2014},
  publisher={Annual Reviews}
}

@article{manski2013first,
  title={First-and second-order subjective expectations in strategic decision-making: Experimental evidence},
  author={Manski, Charles F and Neri, Claudia},
  journal={Games and Economic Behavior},
  volume={81},
  pages={232--254},
  year={2013},
  publisher={Elsevier}
}

@article{palfrey2009eliciting,
  title={On eliciting beliefs in strategic games},
  author={Palfrey, Thomas R and Wang, Stephanie W},
  journal={Journal of Economic Behavior \& Organization},
  volume={71},
  number={2},
  pages={98--109},
  year={2009},
  publisher={Elsevier}
}

@article{andreoni1990impure,
  title={Impure altruism and donations to public goods: A theory of warm-glow giving},
  author={Andreoni, James},
  journal={The economic journal},
  volume={100},
  number={401},
  pages={464--477},
  year={1990},
  publisher={JSTOR}
}

@article{ross1977false,
  title={The “false consensus effect”: An egocentric bias in social perception and attribution processes},
  author={Ross, Lee and Greene, David and House, Pamela},
  journal={Journal of experimental social psychology},
  volume={13},
  number={3},
  pages={279--301},
  year={1977},
  publisher={Elsevier}
}

@article{engelmann2012deconstruction,
  title={Deconstruction and reconstruction of an anomaly},
  author={Engelmann, Dirk and Strobel, Martin},
  journal={Games and Economic Behavior},
  volume={76},
  number={2},
  pages={678--689},
  year={2012},
  publisher={Elsevier}
}

@article{wolf2010shame,
  title={Shame proneness and guilt proneness: Toward the further understanding of reactions to public and private transgressions},
  author={Wolf, Scott T and Cohen, Taya R and Panter, AT and Insko, Chester A},
  journal={Self and Identity},
  volume={9},
  number={4},
  pages={337--362},
  year={2010},
  publisher={Taylor \& Francis}
}

@article{combs2010exploring,
  title={Exploring the consequences of humiliating a moral transgressor},
  author={Combs, David JY and Campbell, Gordon and Jackson, Mark and Smith, Richard H},
  journal={Basic and Applied Social Psychology},
  volume={32},
  number={2},
  pages={128--143},
  year={2010},
  publisher={Taylor \& Francis}
}


@article{lacetera2010social,
	title={Social image concerns and prosocial behavior: Field evidence from a nonlinear incentive scheme},
	author={Lacetera, Nicola and Macis, Mario},
	journal={Journal of Economic Behavior \& Organization},
	volume={76},
	number={2},
	pages={225--237},
	year={2010},
	publisher={Elsevier}
}

@article{ariely2009doing,
	title={Doing good or doing well? Image motivation and monetary incentives in behaving prosocially},
	author={Ariely, Dan and Bracha, Anat and Meier, Stephan},
	journal={American Economic Review},
	volume={99},
	number={1},
	pages={544--55},
	year={2009}
}

@article{khalmetski2016testing,
  title={Testing guilt aversion with an exogenous shift in beliefs},
  author={Khalmetski, Kiryl},
  journal={Games and Economic Behavior},
  volume={97},
  pages={110--119},
  year={2016},
  publisher={Elsevier}
}

@article{charness2006promises,
  title={Promises and partnership},
  author={Charness, Gary and Dufwenberg, Martin},
  journal={Econometrica},
  volume={74},
  number={6},
  pages={1579--1601},
  year={2006},
  publisher={Wiley Online Library}
}

@article{bracht2013moral,
  title={Moral emotions and partnership},
  author={Bracht, J{\"u}rgen and Regner, Tobias},
  journal={Journal of Economic Psychology},
  volume={39},
  pages={313--326},
  year={2013},
  publisher={Elsevier}
}

@article{zizzo2010experimenter,
  title={Experimenter demand effects in economic experiments},
  author={Zizzo, Daniel John},
  journal={Experimental Economics},
  volume={13},
  number={1},
  pages={75--98},
  year={2010},
  publisher={Springer}
}

@article{cohen2011introducing,
  title={Introducing the GASP scale: a new measure of guilt and shame proneness.},
  author={Cohen, Taya R and Wolf, Scott T and Panter, Abigail T and Insko, Chester A},
  journal={Journal of personality and social psychology},
  volume={100},
  number={5},
  pages={947},
  year={2011},
  publisher={American Psychological Association}
}

@article{bolton2000erc,
  title={ERC: A theory of equity, reciprocity, and competition},
  author={Bolton, Gary E and Ockenfels, Axel},
  journal={American Economic Review},
  pages={166--193},
  year={2000},
  publisher={JSTOR}
}

@article{fehr1999theory,
  title={A theory of fairness, competition, and cooperation},
  author={Fehr, Ernst and Schmidt, Klaus M},
  journal={The Quarterly Journal of Economics},
  volume={114},
  number={3},
  pages={817--868},
  year={1999},
  publisher={MIT press}
}

@article{murphy2011measuring,
  title={Measuring social value orientation},
  author={Murphy, Ryan O and Ackermann, Kurt A and Handgraaf, Michel},
  journal={Judgment and Decision Making},
  volume={6},
  number={8},
  pages={771--781},
  year={2011}
}

@techreport{tirole2016narratives,
  title={Narratives, Imperatives and Moral Reasoning},
  author={Tirole, J and Falk, A and B{\'e}nabou, R},
  year={2016},
  institution={Mimeo}
}

@techreport{falk2016narratives,
  title={Narratives, imperatives and moral reasoning},
  author={Falk, Armin and Tirole, Jean},
  year={2016},
  institution={mimeo}
}

@article{falk2017facing,
  title={Facing Yourself-A Note on Self-image},
  author={Falk, Armin},
  year={2017}
}

@article{gino2016motivated,
  title={Motivated Bayesians: Feeling moral while acting egoistically},
  author={Gino, Francesca and Norton, Michael I and Weber, Roberto A},
  journal={The Journal of Economic Perspectives},
  volume={30},
  number={3},
  pages={189--212},
  year={2016},
  publisher={American Economic Association}
}

@article{feiler2014testing,
  title={Testing models of information avoidance with binary choice dictator games},
  author={Feiler, Lauren},
  journal={Journal of Economic Psychology},
  volume={45},
  pages={253--267},
  year={2014},
  publisher={Elsevier}
}

@article{fershtman2001strategic,
  title={Strategic delegation: An experiment},
  author={Fershtman, Chaim and Gneezy, Uri},
  journal={RAND Journal of Economics},
    volume={32},
  number={2},
  pages={352--368},
  year={2001},
  publisher={JSTOR}
}

@article{coffman2011intermediation,
  title={Intermediation reduces punishment (and reward)},
  author={Coffman, Lucas C},
  journal={American Economic Journal: Microeconomics},
  volume={3},
  number={4},
  pages={77--106},
  year={2011},
  publisher={American Economic Association}
}

@article{oexl2013shifting,
  title={Shifting the blame to a powerless intermediary},
  author={Oexl, Regine and Grossman, Zachary J},
  journal={Experimental Economics},
  volume={16},
  number={3},
  pages={306--312},
  year={2013},
  publisher={Springer}
}

@article{berg1995trust,
  title={Trust, reciprocity, and social history},
  author={Berg, Joyce and Dickhaut, John and McCabe, Kevin},
  journal={Games and Economic Behavior},
  volume={10},
  number={1},
  pages={122--142},
  year={1995},
  publisher={Elsevier}
}

@article{bodner2003self,
  title={Self-signaling and diagnostic utility in everyday decision making},
  author={Bodner, Ronit and Prelec, Drazen},
  journal={The psychology of economic decisions},
  volume={1},
  pages={105--26},
  year={2003},
  publisher={Oxford: Oxford University Press}
}

@misc{beauvois1996radical,
  title={A radical theory of dissonance. European monographs in social psychology},
  author={Beauvois, JL and Joule, RV},
  year={1996},
  publisher={New York, NY: Taylor and Francis}
}

@article{aronson1992return,
  title={The return of the repressed: Dissonance theory makes a comeback},
  author={Aronson, Elliot},
  journal={Psychological inquiry},
  volume={3},
  number={4},
  pages={303--311},
  year={1992},
  publisher={Taylor \& Francis}
}

@article{festinger1957theory,
  title={A theory of cognitive dissonance Evanston},
  author={Festinger, Leon},
  journal={IL: Row, Peterson},
  volume={1},
  year={1957}
}

@book{festinger1962theory,
  title={A theory of cognitive dissonance},
  author={Festinger, Leon},
  volume={2},
  year={1962},
  publisher={Stanford university press}
}

@article{benabou2011identity,
  title={Identity, morals, and taboos: Beliefs as assets},
  author={B{\'e}nabou, Roland and Tirole, Jean},
  journal={The Quarterly Journal of Economics},
  volume={126},
  number={2},
  pages={805--855},
  year={2011},
  publisher={Oxford University Press}
}

@article{konow2000fair,
  title={Fair shares: Accountability and cognitive dissonance in allocation decisions},
  author={Konow, James},
  journal={The American Economic Review},
  volume={90},
  number={4},
  pages={1072--1091},
  year={2000},
  publisher={JSTOR}
}

@article{spiekermann2016objective,
  title={Objective and subjective compliance: A norm-based explanation of ‘moral wiggle room’},
  author={Spiekermann, Kai and Weiss, Arne},
  journal={Games and Economic Behavior},
  volume={96},
  pages={170--183},
  year={2016},
  publisher={Academic Press}
}

@article{exley2015excusing,
  title={Excusing selfishness in charitable giving: The role of risk},
  author={Exley, Christine L},
  journal={The Review of Economic Studies},
  volume={82},
  number={2},
  pages={587--628},
  year={2015},
  publisher={Oxford University Press}
}

@article{regner2017actions,
  title={Actions and the self: I give, therefore I am?},
  author={Regner, Tobias and Matthey, Astrid},
  journal={mimeo},
  year={2017},
}

@article{regner2015reciprocators,
  title={Do reciprocators exploit or resist moral wiggle room? An experimental analysis},
  author={Regner, Tobias and Matthey, Astrid},
  journal={Jena Economic Research Papers},
  volume={2015},
  pages={027},
  year={2015},
  publisher={Friedrich-Schiller-University Jena}
}

@article{regner2018reciprocity,
  title={Reciprocity under moral wiggle room: Is it a preference or a constraint?},
  author={Regner, Tobias},
  journal={Experimental Economics},
  volume={21},
  number={4},
  pages={779--792},
  year={2018},
  publisher={Springer}
}

@article{regner2016,
  title={Reciprocity under moral wiggle room: is it a preference or a constraint?},
  author={Regner, Tobias},
  journal={Experimental Economics},
  volume={21},
  number={4},
  pages={779--792},
  year={2018},
  publisher={Springer}
}


@article{regner2016,
  title={Reciprocity under moral wiggle room: is it a preference or a constraint?},
  author={Regner, Tobias},
  journal={Experimental Economics},
  volume={21},
  number={4},
  pages={779--792},
  year={2018},
  publisher={Springer}
}

@article{van2014resisting,
  title={Resisting moral wiggle room: how robust is reciprocal behavior?},
  author={van der Weele, Jo{\"e}l J and Kulisa, Julija and Kosfeld, Michael and Friebel, Guido},
  journal={American economic Journal: microeconomics},
  volume={6},
  number={3},
  pages={256--264},
  year={2014},
  publisher={American Economic Association}
}

@techreport{regner2018,
  title={What's behind image? towards a better understanding of image-driven behavior},
  author={Regner, Tobias},
  institution={Jena Economics Research Papers, University of Jena},
  year={2018},
}


@article{dana2007exploiting,
  title={Exploiting moral wiggle room: experiments demonstrating an illusory preference for fairness},
  author={Dana, Jason and Weber, Roberto A and Kuang, Jason Xi},
  journal={Economic Theory},
  volume={33},
  number={1},
  pages={67--80},
  year={2007},
  publisher={Springer}
}

@article{dana2006you,
  title={What you don’t know won’t hurt me: Costly (but quiet) exit in dictator games},
  author={Dana, Jason and Cain, Daylian M and Dawes, Robyn M},
  journal={Organizational Behavior and Human Decision Processes},
  volume={100},
  number={2},
  pages={193--201},
  year={2006},
  publisher={Elsevier}
}

@article{broberg2007generosity,
  title={Is generosity involuntary?},
  author={Broberg, Tomas and Ellingsen, Tore and Johannesson, Magnus},
  journal={Economics Letters},
  volume={94},
  number={1},
  pages={32--37},
  year={2007},
  publisher={Elsevier}
}

@article{larson2009exploiting,
  title={Exploiting moral wiggle room: Illusory preference for fairness? A comment},
  author={Larson, Tara and Capra, C Monica},
  journal={Judgment and decision Making},
  volume={4},
  number={6},
  pages={467--474},
  year={2009},
  publisher={Society for Judgment and Decision Making}
}

@article{haisley2010self,
  title={Self-serving interpretations of ambiguity in other-regarding behavior},
  author={Haisley, Emily C and Weber, Roberto A},
  journal={Games and Economic Behavior},
  volume={68},
  number={2},
  pages={614--625},
  year={2010},
  publisher={Elsevier}
}

@article{matthey2011really,
  title={Do I really want to know? A cognitive dissonance-based explanation of other-regarding behavior},
  author={Matthey, Astrid and Regner, Tobias},
  journal={Games},
  volume={2},
  number={1},
  pages={114--135},
  year={2011},
  publisher={Molecular Diversity Preservation International}
}

@article{grossman2014strategic,
  title={Strategic ignorance and the robustness of social preferences},
  author={Grossman, Zachary},
  journal={Management Science},
  volume={60},
  number={11},
  pages={2659--2665},
  year={2014},
  publisher={INFORMS}
}

@article{grossman2017self,
  title={Self-image and willful ignorance in social decisions},
  author={Grossman, Zachary and van der Weele, Jo{\"e}l J},
  journal={Journal of the European Economic Association},
  volume={15},
  number={1},
  pages={173--217},
  year={2017},
  publisher={Oxford University Press}
}

@article{van2014bracelets,
  title={Bracelets of pride and guilt? An experimental test of self-signaling in charitable giving},
  author={van der Weele, Jo{\"e}l J and von Siemens, Ferdinand},
  year={2014},
  publisher={CESifo Working Paper Series}
}

@article{mazar2008dishonesty,
  title={The dishonesty of honest people: A theory of self-concept maintenance},
  author={Mazar, Nina and Amir, On and Ariely, Dan},
  journal={Journal of Marketing Research},
  volume={45},
  number={6},
  pages={633--644},
  year={2008},
  publisher={American Marketing Association}
}

@article{andreoni2009social,
  title={Social image and the 50--50 norm: A theoretical and experimental analysis of audience effects},
  author={Andreoni, James and Bernheim, B Douglas},
  journal={Econometrica},
  volume={77},
  number={5},
  pages={1607--1636},
  year={2009},
  publisher={Wiley Online Library}
}

@article{lazear2012sorting,
  title={Sorting in experiments with application to social preferences},
  author={Lazear, Edward P and Malmendier, Ulrike and Weber, Roberto A},
  journal={American Economic Journal: Applied Economics},
  volume={4},
  number={1},
  pages={136--163},
  year={2012},
  publisher={American Economic Association}
}

@article{benabou2011identity,
  title={Identity, morals, and taboos: Beliefs as assets},
  author={B{\'e}nabou, Roland and Tirole, Jean},
  journal={The Quarterly Journal of Economics},
  volume={126},
  number={2},
  pages={805--855},
  year={2011},
  publisher={Oxford University Press}
}

@article{bartling2011shifting,
  title={Shifting the blame: On delegation and responsibility},
  author={Bartling, Bj{\"o}rn and Fischbacher, Urs},
  journal={The Review of Economic Studies},
  volume={79},
  number={1},
  pages={67--87},
  year={2011},
  publisher={Oxford University Press}
}

@article{hamman2010self,
  title={Self-interest through delegation: An additional rationale for the principal-agent relationship},
  author={Hamman, John R and Loewenstein, George and Weber, Roberto A},
  journal={The American Economic Review},
    volume={100},
  number={4},
  pages={1826--1846},
  year={2010},
  publisher={JSTOR}
}

@article{grossman2015self,
  title={Self-signaling and social-signaling in giving},
  author={Grossman, Zachary},
  journal={Journal of Economic Behavior \& Organization},
  volume={117},
  pages={26--39},
  year={2015},
  publisher={Elsevier}
}

@article{malmendier2014rethinking,
  title={Rethinking reciprocity},
  author={Malmendier, Ulrike and te Velde, Vera L and Weber, Roberto A},
  journal={Annu. Rev. Econ.},
  volume={6},
  number={1},
  pages={849--874},
  year={2014},
  publisher={Annual Reviews}
}

@ARTICLE{akerlof1984gift,
  author = {Akerlof, G.A.},
  title = {Gift exchange and efficiency-wage theory: Four views},
  journal = {The American Economic Review},
  year = {1984},
  volume = {74},
  pages = {79--83},
  number = {2},
  publisher = {JSTOR}
}

@ARTICLE{akerlof1982labor,
  author = {Akerlof, G.A.},
  title = {Labor contracts as partial gift exchange},
  journal = {The Quarterly Journal of Economics},
  year = {1982},
  volume = {97},
  pages = {543},
  number = {4},
  publisher = {Oxford University Press}
}

@ARTICLE{akerlof2000economics,
  author = {Akerlof, George A and Kranton, Rachel E},
  title = {Economics and identity},
  journal = {Quarterly Journal of Economics},
  year = {2000},
  volume = {115},
  pages = {715--753},
  number = {3},
  publisher = {Oxford University Press}
}


@ARTICLE{benabou2010individual,
  author = {B{\'e}nabou, R. and Tirole, J.},
  title = {{Individual and corporate social responsibility}},
  journal = {Economica},
  year = {2010},
  volume = {77},
  pages = {1--19},
  number = {305},
  publisher = {John Wiley \& Sons}
}

@ARTICLE{bolton2000,
  author = {Gary E. Bolton and Axel Ockenfels},
  title = {A Theory of Equity, Reciprocity, and Competition},
  journal = {American Economic Review},
  year = {2000},
  volume = {90},
  pages = {166--193},
  number = {1},
  owner = {koppel},
  series = {American Economic Review},
  timestamp = {2010.04.27}
}

@ARTICLE{BrandtsCharness,
  author = {Brandts, J. and Charness, G.},
  title = {The strategy versus the direct-response method: {A} first survey
	of experimental comparisons},
  journal = {Experimental Economics},
  year = {2011},
  volume = {14},
  pages = {375--398},
  number = {3},
  publisher = {Springer}
}

@ARTICLE{Charness2006Promises,
  author = {Charness, G. and Dufwenberg, M.},
  title = {Promises and partnership},
  journal = {Econometrica},
  year = {2006},
  volume = {74},
  pages = {1579--1601},
  number = {6},
  owner = {koppel},
  timestamp = {2011.12.20}
}

@INCOLLECTION{charness2011lab,
  author = {Charness, G. and Kuhn, P.},
  title = {Lab Labor: What Can Labor Economists Learn from the Lab?},
  booktitle = {Handbook of Labor Economics},
  publisher = {North-Holland},
  year = {2011},
  editor = {Ashenfelter, O. and Card, D.},
  volume = {4A},
  pages = {229--330}
}

@ARTICLE{Charness2011Ratchet,
  author = {Charness, G. and Kuhn, P. and Villeval, M.C.},
  title = {Competition and the Ratchet Effect},
  journal = {Journal of Labor Economics},
  year = {2011},
  volume = {29},
  pages = {513--547},
  number = {3},
  owner = {koppel},
  timestamp = {2011.12.20}
}

@ARTICLE{cl09,
  author = {Yan Chen and Sherry Xin Li},
  title = {Group Identity and Social Preferences},
  journal = {American Economic Review},
  year = {2009},
  volume = {99},
  pages = {431--57},
  number = {1},
  owner = {koppelh},
  timestamp = {2012.10.03}
}

@ARTICLE{cooper1996cooperation,
  author = {Cooper, R. and DeJong, D.V. and Forsythe, R. and Ross, T.W.},
  title = {Cooperation without reputation: {E}xperimental evidence from prisoner's
	dilemma games},
  journal = {Games and Economic Behavior},
  year = {1996},
  volume = {12},
  pages = {187--218}
}


@ARTICLE{dufwenberg2004theory,
  author = {Dufwenberg, M. and Kirchsteiger, G.},
  title = {A theory of sequential reciprocity},
  journal = {Games and Economic Behavior},
  year = {2004},
  volume = {47},
  pages = {268--298},
  number = {2},
  publisher = {Elsevier}
}

@article{falk2006theory,
  title={A theory of reciprocity},
  author={Falk, Armin and Fischbacher, Urs},
  journal={Games and Economic Behavior},
  volume={54},
  number={2},
  pages={293--315},
  year={2006},
  publisher={Elsevier}
}

@article{battigalli2007guilt,
  title={Guilt in games},
  author={Battigalli, Pierpaolo and Dufwenberg, Martin},
  journal={American Economic Review},
  volume={97},
  number={2},
  pages={170--176},
  year={2007},
  publisher={JSTOR}
}

@article{benabou2005incentives,
  title={Incentives and prosocial behavior},
  author={B{\'e}nabou, Roland and Tirole, Jean},
  journal={American Economic Review},
  volume={96},
  number={5},
  pages={1652--1678},
  year={2006}
}

@article{ellingsen2008pride,
  title={Pride and Prejudice: The Human Side of Incentive Theory},
  author={Ellingsen, Tore and Johannesson, Magnus},
  journal={American Economic Review},
  volume={98},
  number={3},
  pages={990--1008},
  year={2008}
}

@article{fischbacher2001people,
  title={Are people conditionally cooperative? Evidence from a public goods experiment},
  author={Fischbacher, Urs and G{\"a}chter, Simon and Fehr, Ernst},
  journal={Economics letters},
  volume={71},
  number={3},
  pages={397--404},
  year={2001},
  publisher={Elsevier}
}

@ARTICLE{fehr1998social,
  author = {Fehr, E. and Kirchler, E. and Weichbold, A. and G{\"a}chter, S.},
  title = {{When social norms overpower competition: Gift exchange in experimental
	labor markets}},
  journal = {Journal of Labor Economics},
  year = {1998},
  volume = {16},
  pages = {324--351},
  number = {2},
  publisher = {UChicago Press}
}

@ARTICLE{fehr1993does,
  author = {Fehr, E. and Kirchsteiger, G. and Riedl, A.},
  title = {{Does fairness prevent market clearing? An experimental investigation}},
  journal = {The Quarterly Journal of Economics},
  year = {1993},
  volume = {108},
  pages = {437--459},
  number = {2},
  publisher = {JSTOR}
}

@ARTICLE{fehr2007fairness,
  author = {Fehr, E. and Klein, A. and Schmidt, K.M.},
  title = {{Fairness and contract design}},
  journal = {Econometrica},
  year = {2007},
  volume = {75},
  pages = {121--154},
  number = {1},
  publisher = {John Wiley \& Sons}
}

@ARTICLE{fehr1999,
  author = {Ernst Fehr and Klaus M. Schmidt},
  title = {A Theory Of Fairness, Competition, and Cooperation},
  journal = {Quarterly Journal of Economics},
  year = {1999},
  volume = {114},
  pages = {817--868},
  number = {3},
  owner = {koppel},
  timestamp = {2010.04.27}
}

@ARTICLE{fischbacher2007,
  author = {Urs Fischbacher},
  title = {{z-Tree:} {Z}urich toolbox for ready-made economic experiments},
  journal = {Experimental Economics},
  year = {2007},
  volume = {10},
  pages = {171--178},
  number = {2},
  owner = {koppel},
  timestamp = {2010.04.27}
}


@TECHREPORT{greiner_2004,
  author = {Ben Greiner},
  title = {The Online Recruitment System ORSEE 2.0 - A Guide for the Organization
	of Experiments in Economics},
  institution = {Department of Economics, University of Cologne},
  year = {2004},
  type = {mimeo}
}

@ARTICLE{koszegi2006model,
  author = {K{\"o}szegi, B. and Rabin, M.},
  title = {A Model of Reference-Dependent Preferences*},
  journal = {The Quarterly Journal of Economics},
  year = {2006},
  volume = {121},
  pages = {1133--1165},
  number = {4},
  publisher = {MIT Press}
}

@ARTICLE{rabin1993incorporating,
  author = {Rabin, M.},
  title = {Incorporating fairness into game theory and economics},
  journal = {The American Economic Review},
  year = {1993},
  volume = {83},
  pages = {1281--1302},
  number = {5},
  publisher = {JSTOR}
}



@ARTICLE{Selten_1967,
  author = {Selten, R.},
  title = {{Die Strategiemethode zur Erforschung des eingeschr\"{a}nkt rationalen
	Verhaltens im Rahmen eines Oligopolexperiments}},
  journal = {{Beitr\"{a}ge zur experimentellen Wirtschaftsforschung}},
  year = {1967},
  volume = {1},
  pages = {136--168},
  owner = {koppel},
  timestamp = {2010.04.27}
}

@ARTICLE{tversky1991loss,
  author = {Tversky, A. and Kahneman, D.},
  title = {Loss aversion in riskless choice: A reference-dependent model},
  journal = {The Quarterly Journal of Economics},
  year = {1991},
  volume = {106},
  pages = {1039--1061},
  number = {4}
}

@article{hoffman1996social,
  title={Social distance and other-regarding behavior in dictator games},
  author={Hoffman, Elizabeth and McCabe, Kevin and Smith, Vernon L},
  journal={The American Economic Review},
  volume={86},
  number={3},
  pages={653--660},
  year={1996},
  publisher={JSTOR}
}


@article{cherry2002hardnose,
  title={Hardnose the dictator},
  author={Cherry, Todd L and Frykblom, Peter and Shogren, Jason F},
  journal={The American Economic Review},
  volume={92},
  number={4},
  pages={1218--1221},
  year={2002},
  publisher={JSTOR}
}

@article{list2007interpretation,
  title={On the interpretation of giving in dictator games},
  author={List, John A},
  journal={Journal of Political Economy},
  volume={115},
  number={3},
  pages={482--493},
  year={2007},
  publisher={JSTOR}
}

@article{bardsley2008dictator,
  title={Dictator game giving: altruism or artefact?},
  author={Bardsley, Nicholas},
  journal={Experimental Economics},
  volume={11},
  number={2},
  pages={122--133},
  year={2008},
  publisher={Springer}
}

@article{guala2010paradigmatic,
  title={Paradigmatic experiments: the dictator game},
  author={Guala, Francesco and Mittone, Luigi},
  journal={The Journal of Socio-Economics},
  volume={39},
  number={5},
  pages={578--584},
  year={2010},
  publisher={Elsevier}
}

@article{franzen2012anonymity,
  title={Anonymity in the dictator game revisited},
  author={Franzen, Axel and Pointner, Sonja},
  journal={Journal of Economic Behavior \& Organization},
  volume={81},
  number={1},
  pages={74--81},
  year={2012},
  publisher={Elsevier}
}

@incollection{trautmann2012social,
  title={Social influences on risk attitudes: Applications in economics},
  author={Trautmann, Stefan T and Vieider, Ferdinand M},
  booktitle={Handbook of risk theory},
  pages={575--600},
  year={2012},
  publisher={Springer}
}

@article{van2014inconvenient,
  title={Inconvenient truths: Determinants of strategic ignorance in moral dilemmas},
  author={van der Weele, Jo{\"e}l J},
  journal={Available at SSRN 2247288},
  year={2014}
}

@article{murphy2011measuring,
  title={Measuring social value orientation},
  author={Murphy, Ryan O and Ackermann, Kurt A and Handgraaf, Michel},
  journal={Judgment and Decision Making},
  volume={6},
  number={8},
  pages={771--781},
  year={2011}
}

@article{murnighan2001player,
  title={Player types and self-impression management in dictatorship games: Two experiments},
  author={Murnighan, J Keith and Oesch, John M and Pillutla, Madan},
  journal={Games and Economic Behavior},
  volume={37},
  number={2},
  pages={388--414},
  year={2001},
  publisher={Elsevier}
}

@article{shalvi2015self,
  title={Self-serving justifications doing wrong and feeling moral},
  author={Shalvi, Shaul and Gino, Francesca and Barkan, Rachel and Ayal, Shahar},
  journal={Current Directions in Psychological Science},
  volume={24},
  number={2},
  pages={125--130},
  year={2015},
  publisher={SAGE Publications}
}

@comment{jabref-meta: selector_publisher:}

@comment{jabref-meta: selector_author:}

@comment{jabref-meta: selector_journal:}

@comment{jabref-meta: selector_keywords:}

